@inproceedings{li2010detecting,
  title={Detecting blackhole and volcano patterns in directed networks},
  author={Li, Zhongmou and Xiong, Hui and Liu, Yanchi and Zhou, Aoying},
  booktitle={2010 IEEE International Conference on Data Mining},
  pages={294--303},
  year={2010},
  organization={IEEE}
}

@article{li2012mining,
	title={Mining blackhole and volcano patterns in directed graphs: a general approach},
	author={Li, Zhongmou and Xiong, Hui and Liu, Yanchi},
	journal={Data Mining and Knowledge Discovery},
	volume={25},
	number={3},
	pages={577--602},
	year={2012},
	publisher={Springer}
}

@article{li2014mining,
	title={Mining Blackhole and Volcano Patterns for Fraud Detection},
	author={Li, Zhongmou and Xiong, Hui},
	journal={Encyclopedia of Social Network Analysis and Mining},
	pages={904--915},
	year={2014},
	publisher={Springer}
}

@inproceedings{hong2015detecting,
	title={Detecting urban black holes based on human mobility data},
	author={Hong, Liang and Zheng, Yu and Yung, Duncan and Shang, Jingbo and Zou, Lei},
	booktitle={Proceedings of the 23rd SIGSPATIAL International Conference on Advances in Geographic Information Systems},
	pages={35},
	year={2015},
	organization={ACM}
}